@article{ref1, 
	author={LogicLab}, 
	journal={An example journal}, 
	title={Logic Lab}, 
	year={2020}, 
	volume={22}, 
	number={4}, 
	pages={10-16}, 
	month={February},}

@booklet{booklet,
    author = "Istanbul Technical University Department of Computer Engineering",
    title = "BLG 242E Logic Circuits Laboratory Experiments Booklet Version 1.9.1",
    year = "Spring 2020",
}

@misc{overleaf,
    title = "Overleaf Documentation https://tr.overleaf.com/learn",
    url = "https://tr.overleaf.com/learn"
}

@misc{sample,
    title = "Part 4 logisim design is used from \url{https://github.com/fatihaltinpinar/logic-lab/blob/c4521c5ba1f486bbbecc662a0d56af2f90893276/exp4/Report\_LaTeX/part4.png}"
}