@booklet{booklet,
    author = "Istanbul Technical University Department of Computer Engineering",
    title = "BLG 242E Logic Circuits Laboratory Experiments Booklet Version 1.9",
    year = "Spring 2019",
}

@misc{overleaf,
    title = "Overleaf Documentation https://tr.overleaf.com/learn",
    url = "https://tr.overleaf.com/learn"
}